<?xml version="1.0" encoding="UTF-8"?><record xmlns="http://www.loc.gov/MARC21/slim" xmlns:cinclude="http://apache.org/cocoon/include/1.0" xmlns:zs="http://www.loc.gov/zing/srw/">
  <leader>00578cz  a2200145n  4500</leader>
  <controlfield tag="001">n  85209271 </controlfield>
  <controlfield tag="003">DLC</controlfield>
  <controlfield tag="005">20080418075040.0</controlfield>
  <controlfield tag="008">860421n| acannaabn          |a ana      </controlfield>
  <datafield tag="010" ind1=" " ind2=" ">
    <subfield code="a">n  85209271 </subfield>
  </datafield>
  <datafield tag="035" ind1=" " ind2=" ">
    <subfield code="a">(OCoLC)oca01559773</subfield>
  </datafield>
  <datafield tag="040" ind1=" " ind2=" ">
    <subfield code="a">DLC</subfield>
    <subfield code="b">eng</subfield>
    <subfield code="c">DLC</subfield>
    <subfield code="d">DLC</subfield>
    <subfield code="d">OCoLC</subfield>
  </datafield>
  <datafield tag="110" ind1="2" ind2=" ">
    <subfield code="a">United Kingdom Conservators Paper Group</subfield>
  </datafield>
  <datafield tag="510" ind1="2" ind2=" ">
    <subfield code="w">b</subfield>
    <subfield code="a">Institute of Paper Conservation</subfield>
  </datafield>
  <datafield tag="670" ind1=" " ind2=" ">
    <subfield code="a">Paper conservation news (London, England). Paper conservation news, June 1976, surrogate:</subfield>
    <subfield code="b">t.p. (United Kingdom Conservators Paper Group); June 1978, surrogate: t.p. (Institute of Paper Conservation)</subfield>
  </datafield>
</record>